<marcxml:record xmlns:marcxml="http://www.loc.gov/MARC21/slim" xmlns:idx="info:lc/xq-modules/lcindex" xmlns:madsrdf="http://www.loc.gov/mads/rdf/v1#" xmlns:ri="http://id.loc.gov/ontologies/RecordInfo#" xmlns:xlink="http://www.w3.org/1999/xlink" xmlns:rdf="http://www.w3.org/1999/02/22-rdf-syntax-ns#" xmlns:mets="http://www.loc.gov/METS/" xmlns:semtriples="http://marklogic.com/semantic" xmlns:xsi="http://www.w3.org/2001/XMLSchema-instance" xmlns:streams="info:lc/streams#">
            <marcxml:leader>01797nz  a2200325n  4500</marcxml:leader>
            <marcxml:controlfield tag="001">sh99000790</marcxml:controlfield>
            <marcxml:controlfield tag="003">DLC</marcxml:controlfield>
            <marcxml:controlfield tag="005">19990405144336.9</marcxml:controlfield>
            <marcxml:controlfield tag="008">990203|| anannbab|          |a ana |||  </marcxml:controlfield>
            <marcxml:datafield tag="010" ind1=" " ind2=" ">
              <marcxml:subfield code="a">sh 99000790 </marcxml:subfield>
            </marcxml:datafield>
            <marcxml:datafield tag="040" ind1=" " ind2=" ">
              <marcxml:subfield code="a">DLC</marcxml:subfield>
              <marcxml:subfield code="c">DLC</marcxml:subfield>
            </marcxml:datafield>
            <marcxml:datafield tag="110" ind1="2" ind2=" ">
              <marcxml:subfield code="a">Villa Chiericati (Grumolo delle Abbadesse, Italy)</marcxml:subfield>
            </marcxml:datafield>
            <marcxml:datafield tag="410" ind1="2" ind2=" ">
              <marcxml:subfield code="a">Chiericati-Porto Villa (Grumolo delle Abbadesse, Italy)</marcxml:subfield>
            </marcxml:datafield>
            <marcxml:datafield tag="410" ind1="2" ind2=" ">
              <marcxml:subfield code="a">Chiericati-Rigo Villa (Grumolo delle Abbadesse, Italy)</marcxml:subfield>
            </marcxml:datafield>
            <marcxml:datafield tag="410" ind1="2" ind2=" ">
              <marcxml:subfield code="a">Chiericati Villa (Grumolo delle Abbadesse, Italy)</marcxml:subfield>
            </marcxml:datafield>
            <marcxml:datafield tag="410" ind1="2" ind2=" ">
              <marcxml:subfield code="a">Da Porto Rigo Villa (Grumolo delle Abbadesse, Italy)</marcxml:subfield>
            </marcxml:datafield>
            <marcxml:datafield tag="410" ind1="2" ind2=" ">
              <marcxml:subfield code="a">Da Porto Villa (Grumolo delle Abbadesse, Italy)</marcxml:subfield>
            </marcxml:datafield>
            <marcxml:datafield tag="410" ind1="2" ind2=" ">
              <marcxml:subfield code="a">Rigo Chiericati Villa (Grumolo delle Abbadesse, Italy)</marcxml:subfield>
            </marcxml:datafield>
            <marcxml:datafield tag="410" ind1="2" ind2=" ">
              <marcxml:subfield code="a">Rigo Villa (Grumolo delle Abbadesse, Italy)</marcxml:subfield>
            </marcxml:datafield>
            <marcxml:datafield tag="410" ind1="2" ind2=" ">
              <marcxml:subfield code="a">Villa Chiericati-Porto (Grumolo delle Abbadesse, Italy)</marcxml:subfield>
            </marcxml:datafield>
            <marcxml:datafield tag="410" ind1="2" ind2=" ">
              <marcxml:subfield code="a">Villa Chiericati-Rigo (Grumolo delle Abbadesse, Italy)</marcxml:subfield>
            </marcxml:datafield>
            <marcxml:datafield tag="410" ind1="2" ind2=" ">
              <marcxml:subfield code="a">Villa Da Porto (Grumolo delle Abbadesse, Italy)</marcxml:subfield>
            </marcxml:datafield>
            <marcxml:datafield tag="410" ind1="2" ind2=" ">
              <marcxml:subfield code="a">Villa Da Porto Rigo (Grumolo delle Abbadesse, Italy)</marcxml:subfield>
            </marcxml:datafield>
            <marcxml:datafield tag="410" ind1="2" ind2=" ">
              <marcxml:subfield code="a">Villa Rigo (Grumolo delle Abbadesse, Italy)</marcxml:subfield>
            </marcxml:datafield>
            <marcxml:datafield tag="410" ind1="2" ind2=" ">
              <marcxml:subfield code="a">Villa Rigo Chiericati (Grumolo delle Abbadesse, Italy)</marcxml:subfield>
            </marcxml:datafield>
            <marcxml:datafield tag="550" ind1=" " ind2=" ">
              <marcxml:subfield code="w">g</marcxml:subfield>
              <marcxml:subfield code="a">Dwellings</marcxml:subfield>
              <marcxml:subfield code="z">Italy</marcxml:subfield>
            </marcxml:datafield>
            <marcxml:datafield tag="670" ind1=" " ind2=" ">
              <marcxml:subfield code="a">Work cat.: 99-165614: Villa Chiericati, c1998:</marcxml:subfield>
              <marcxml:subfield code="b">p. 2 of portfolio, etc. (Villa Chiericati-Porto, now Rigo, in Vancimuglio, Grumolo delle Abbadesse, Vicenza; attributed by some to Andrea Palladio)</marcxml:subfield>
            </marcxml:datafield>
            <marcxml:datafield tag="670" ind1=" " ind2=" ">
              <marcxml:subfield code="a">"Ville e monumenti del Vicentino" WWW site, Feb. 3, 1999</marcxml:subfield>
              <marcxml:subfield code="b">(Villa da Porto, now Rigo Chiericati, 16th cent.)</marcxml:subfield>
            </marcxml:datafield>
            <marcxml:datafield tag="670" ind1=" " ind2=" ">
              <marcxml:subfield code="a">"Mindspring" WWW site, Feb. 3, 1999</marcxml:subfield>
              <marcxml:subfield code="b">(Villa Chiericati-Rigo, Vancimuglio (Vicenza))</marcxml:subfield>
            </marcxml:datafield>
            <marcxml:datafield tag="670" ind1=" " ind2=" ">
              <marcxml:subfield code="a">"Assoc. del commercio del turismo e dei servizi della Provincia di Vicenza" WWW site, Feb. 3, 1999</marcxml:subfield>
              <marcxml:subfield code="b">(Grumolo delle Abbadesse: Villa da Porto Rigo, Vancimuglio)</marcxml:subfield>
            </marcxml:datafield>
          </marcxml:record>
